<?xml version="1.0"?>
<marc:records xmlns:marc="http://www.loc.gov/MARC21/slim" xmlns:xsi="http://www.w3.org/2001/XMLSchema-instance" xsi:schemaLocation="http://www.loc.gov/MARC21/slim http://www.loc.gov/standards/marcxml/schema/MARC21slim.xsd">
  <marc:record>
    <marc:leader>09859ntm a2200829Ia 4500</marc:leader>
    <marc:controlfield tag="001">9977570028103681</marc:controlfield>
    <marc:controlfield tag="005">20191021083209.0</marc:controlfield>
    <marc:controlfield tag="006">m     o  c        </marc:controlfield>
    <marc:controlfield tag="007">cr#cn|024aaaba</marc:controlfield>
    <marc:controlfield tag="008">190821m17661811mr a          000 0 ara d</marc:controlfield>
    <marc:datafield ind1=" " ind2=" " tag="035">
  <marc:subfield code="a">(OCoLC)1112667688</marc:subfield>
</marc:datafield>
    <marc:datafield ind1=" " ind2=" " tag="035">
  <marc:subfield code="a">(OCoLC)on1112667688</marc:subfield>
</marc:datafield>
    <marc:datafield ind1=" " ind2=" " tag="040">
  <marc:subfield code="a">PAU</marc:subfield>
  <marc:subfield code="b">eng</marc:subfield>
  <marc:subfield code="c">PAU</marc:subfield>
  <marc:subfield code="e">amremm</marc:subfield>
</marc:datafield>
    <marc:datafield ind1=" " ind2="9" tag="099">
  <marc:subfield code="a">Penn Museum 29-201-707</marc:subfield>
</marc:datafield>
    <marc:datafield ind1="1" ind2=" " tag="100">
  <marc:subfield code="6">880-01</marc:subfield>
  <marc:subfield code="a">Rasmu&#x304;ki&#x304;, Ah&#x323;mad ibn Ah&#x323;mad,</marc:subfield>
  <marc:subfield code="d">-1721.</marc:subfield>
</marc:datafield>
    <marc:datafield ind1="1" ind2="0" tag="245">
  <marc:subfield code="6">880-02</marc:subfield>
  <marc:subfield code="a">I&#x304;d&#x323;a&#x304;h&#x323; al-asra&#x304;r al-mas&#x323;u&#x304;nah fi&#x304; al-jawa&#x304;hir al-maknu&#x304;nah fi&#x304; s&#x323;adaf al-fara&#x304;&#x2BC;id&#x323; al-masnu&#x304;nah</marc:subfield>
  <marc:subfield code="h">[electronic resource].</marc:subfield>
</marc:datafield>
    <marc:datafield ind1=" " ind2=" " tag="260">
  <marc:subfield code="a">[Morocco?],</marc:subfield>
  <marc:subfield code="c">1766-1811.</marc:subfield>
</marc:datafield>
    <marc:datafield ind1=" " ind2=" " tag="300">
  <marc:subfield code="a">1 online resource (iv flyleaves, 510 paginated leaves, ii flyleaves) :</marc:subfield>
  <marc:subfield code="b">illustrations.</marc:subfield>
</marc:datafield>
    <marc:datafield ind1=" " ind2=" " tag="500">
  <marc:subfield code="a">Title from introduction (p. 1).</marc:subfield>
</marc:datafield>
    <marc:datafield ind1=" " ind2=" " tag="500">
  <marc:subfield code="a">Modern pagination added in pencil, upper outer corners; catchwords every verso, lower left.</marc:subfield>
</marc:datafield>
    <marc:datafield ind1=" " ind2=" " tag="500">
  <marc:subfield code="a">Layout: Written in 26-29 long lines with poetry in two columns; marginalia.</marc:subfield>
</marc:datafield>
    <marc:datafield ind1=" " ind2=" " tag="500">
  <marc:subfield code="a">Script: Written in maghribi&#x304; in brown ink; pointed, partially vocalized.</marc:subfield>
</marc:datafield>
    <marc:datafield ind1=" " ind2=" " tag="500">
  <marc:subfield code="a">Decoration: Rubrications in red, numerous small tables in red and brown.</marc:subfield>
</marc:datafield>
    <marc:datafield ind1=" " ind2=" " tag="500">
  <marc:subfield code="a">Binding: Bound in red leather over pasteboard with flap (Type II); blind-stamped frame and fore-edge decoration of vines and flowers; the central portion of each cover and flap has been covered in cream paper with a blue paper underlay, the cream layer was then cut away so that a equal armed cross in blue is visible; only one arm of the cross appears on the flap. The front cover retains the impression of stamped central mandorla that has been covered over.</marc:subfield>
</marc:datafield>
    <marc:datafield ind1=" " ind2=" " tag="500">
  <marc:subfield code="a">Origin: First work completed on 7 Dhu&#x304; al-Qa&#x2BB;dah 1182 A.H. (15 March 1769) by Muba&#x304;rak ibn &#x2BB;Abd al-&#x2BB;A&#x304;li&#x304; al-Bu&#x2BB;aya&#x304;di&#x304; al-Falla&#x304;h&#x323; (p. 352); second work completed in S&#x323;afar 1180 A.H. (1766) by Muh&#x323;ammad ibn Abi&#x304; &#x2BB;Izz al-Sijilma&#x304;si&#x304; fi Za&#x304;wiyat al-Zi&#x304;zi&#x304;yah (p. 456); fourth work dated 1225 A.H. (1810 or 1811).</marc:subfield>
</marc:datafield>
    <marc:datafield ind1=" " ind2=" " tag="500">
  <marc:subfield code="a">Dimensions of original manuscript: 215 x 145 (165 x 110) mm bound to 212 x 160 mm.</marc:subfield>
</marc:datafield>
    <marc:datafield ind1=" " ind2=" " tag="500">
  <marc:subfield code="a">European laid paper.</marc:subfield>
</marc:datafield>
    <marc:datafield ind1=" " ind2=" " tag="500">
  <marc:subfield code="a">Notes and prayers appear on most flyleaves and blank pages in different hands.</marc:subfield>
</marc:datafield>
    <marc:datafield ind1="0" ind2=" " tag="505">
  <marc:subfield code="a">1. p. 1-352: I&#x304;d&#x323;a&#x304;h&#x323; al-asra&#x304;r al-mas&#x323;u&#x304;nah fi&#x304; al-jawa&#x304;hir al-maknu&#x304;nah fi&#x304; s&#x323;adaf al-fara&#x304;&#x2BC;id&#x323; al-masnu&#x304;nah / Ah&#x323;mad ibn Sulayma&#x304;n al-Rasmu&#x304;ki&#x304; -- 2. f. 353-456: Ma&#x2BB;u&#x304;nat al-ah&#x323;ba&#x304;b &#x2BB;ala&#x301; fath&#x323; Ajnih&#x323;at al-righa&#x304;b fi&#x304; ma&#x2BB;rifat al-fara&#x304;&#x2BC;id&#x323; wa-al-h&#x323;isa&#x304;b / Ah&#x323;mad ibn Sulayma&#x304;n al-Rasmu&#x304;ki&#x304; -- 3. p. 459-465: [Sullam al-mant&#x323;iq] / &#x2BB;Abd al-Rah&#x323;ma&#x304;n ibn Muh&#x323;ammad al-Akhd&#x323;ari&#x304; -- 4. p. 465-509: Kashf al-asra&#x304;r &#x2BB;an &#x2BB;ilm h&#x323;uru&#x304;f al-ghuba&#x304;r / &#x2BB;Ali&#x304; ibn Muh&#x323;ammad al-Qalas&#x323;a&#x304;di&#x304;</marc:subfield>
</marc:datafield>
    <marc:datafield ind1=" " ind2=" " tag="520">
  <marc:subfield code="a">Composite manuscript containing 4 works copied by different scribes on inheritance law, logic and mathematics. The first two works, which make up the bulk of the codex, are by al-Rasmu&#x304;ki&#x304;. The second is a commentary on a poem by Ibra&#x304;hi&#x304;m ibn Abi&#x304; al-Qa&#x304;sim al-Simla&#x304;li&#x304; (died 1520) for which al-Rasmu&#x304;ki&#x304; had written a continuation; the commentary is on both parts of the poem.</marc:subfield>
</marc:datafield>
    <marc:datafield ind1=" " ind2=" " tag="524">
  <marc:subfield code="a">University of Pennsylvania Museum of Archaeology and Anthropology 29-201-707</marc:subfield>
</marc:datafield>
    <marc:datafield ind1=" " ind2=" " tag="533">
  <marc:subfield code="a">Electronic reproduction.</marc:subfield>
  <marc:subfield code="b">Philadelphia, Pa. :</marc:subfield>
  <marc:subfield code="c">University of Pennsylvania Libraries,</marc:subfield>
  <marc:subfield code="d">2019.</marc:subfield>
</marc:datafield>
    <marc:datafield ind1=" " ind2=" " tag="534">
  <marc:subfield code="p">Original:</marc:subfield>
  <marc:subfield code="t">I&#x304;d&#x323;a&#x304;h&#x323; al-asra&#x304;r al-mas&#x323;u&#x304;nah fi&#x304; al-jawa&#x304;hir al-maknu&#x304;nah fi&#x304; s&#x323;adaf al-fara&#x304;&#x2BC;id&#x323; al-masnu&#x304;nah (29-201-707),</marc:subfield>
  <marc:subfield code="l">University of Pennsylvania Museum of Archaeology and Anthropology.</marc:subfield>
</marc:datafield>
    <marc:datafield ind1=" " ind2=" " tag="538">
  <marc:subfield code="a">Mode of access: World Wide Web.</marc:subfield>
</marc:datafield>
    <marc:datafield ind1="1" ind2=" " tag="541">
  <marc:subfield code="a">Acquired during the Expedition in Morocco by Talcott Williams and Sophia Wells Royce Williams, 1898.</marc:subfield>
</marc:datafield>
    <marc:datafield ind1=" " ind2=" " tag="546">
  <marc:subfield code="a">Arabic.</marc:subfield>
</marc:datafield>
    <marc:datafield ind1="1" ind2="0" tag="600">
  <marc:subfield code="6">880-03</marc:subfield>
  <marc:subfield code="a">Simla&#x304;li&#x304;, Ibra&#x304;hi&#x304;m ibn Abi&#x304; al-Qa&#x304;sim,</marc:subfield>
  <marc:subfield code="d">-1520.</marc:subfield>
  <marc:subfield code="t">Ajnih&#x323;at al-righa&#x304;b fi&#x304; ma&#x2BB;rifat al-fara&#x304;&#x2BC;id&#x323; wa-al-h&#x323;isa&#x304;b.</marc:subfield>
</marc:datafield>
    <marc:datafield ind1=" " ind2="0" tag="650">
  <marc:subfield code="a">Inheritance and succession (Islamic law)</marc:subfield>
  <marc:subfield code="v">Early works to 1800.</marc:subfield>
</marc:datafield>
    <marc:datafield ind1=" " ind2="0" tag="650">
  <marc:subfield code="a">Malikites</marc:subfield>
  <marc:subfield code="v">Early works to 1800.</marc:subfield>
</marc:datafield>
    <marc:datafield ind1=" " ind2="0" tag="650">
  <marc:subfield code="a">Logic, Medieval</marc:subfield>
  <marc:subfield code="v">Early works to 1800.</marc:subfield>
</marc:datafield>
    <marc:datafield ind1=" " ind2="0" tag="650">
  <marc:subfield code="a">Arab logic</marc:subfield>
  <marc:subfield code="v">Early works to 1800.</marc:subfield>
</marc:datafield>
    <marc:datafield ind1=" " ind2="0" tag="650">
  <marc:subfield code="a">Arithmetic</marc:subfield>
  <marc:subfield code="x">Arab</marc:subfield>
  <marc:subfield code="x">Early works to 1800.</marc:subfield>
</marc:datafield>
    <marc:datafield ind1=" " ind2="0" tag="650">
  <marc:subfield code="a">Mathematics, Arab</marc:subfield>
  <marc:subfield code="v">Early works to 1800.</marc:subfield>
</marc:datafield>
    <marc:datafield ind1=" " ind2="7" tag="655">
  <marc:subfield code="a">Fascimiles.</marc:subfield>
  <marc:subfield code="2">aat</marc:subfield>
</marc:datafield>
    <marc:datafield ind1=" " ind2="7" tag="655">
  <marc:subfield code="a">Compilation manuscripts.</marc:subfield>
  <marc:subfield code="2">aat</marc:subfield>
</marc:datafield>
    <marc:datafield ind1=" " ind2="7" tag="655">
  <marc:subfield code="a">Tables (documents)</marc:subfield>
  <marc:subfield code="2">aat</marc:subfield>
</marc:datafield>
    <marc:datafield ind1=" " ind2="7" tag="655">
  <marc:subfield code="a">Notes (documents)</marc:subfield>
  <marc:subfield code="2">aat</marc:subfield>
</marc:datafield>
    <marc:datafield ind1=" " ind2="7" tag="655">
  <marc:subfield code="a">Islamic bindings (Binding)</marc:subfield>
  <marc:subfield code="2">rbbin</marc:subfield>
</marc:datafield>
    <marc:datafield ind1=" " ind2="7" tag="655">
  <marc:subfield code="a">Full covers.</marc:subfield>
  <marc:subfield code="2">lobt</marc:subfield>
</marc:datafield>
    <marc:datafield ind1=" " ind2="7" tag="655">
  <marc:subfield code="a">Envelope flaps (features)</marc:subfield>
  <marc:subfield code="2">lobt</marc:subfield>
</marc:datafield>
    <marc:datafield ind1=" " ind2="7" tag="655">
  <marc:subfield code="a">Onlays (decoration)</marc:subfield>
  <marc:subfield code="2">lobt</marc:subfield>
</marc:datafield>
    <marc:datafield ind1=" " ind2="0" tag="655">
  <marc:subfield code="a">Manuscripts, 18th century.</marc:subfield>
</marc:datafield>
    <marc:datafield ind1=" " ind2="0" tag="655">
  <marc:subfield code="a">Manuscripts, Arabic.</marc:subfield>
</marc:datafield>
    <marc:datafield ind1="1" ind2="2" tag="700">
  <marc:subfield code="6">880-04</marc:subfield>
  <marc:subfield code="a">Rasmu&#x304;ki&#x304;, Ah&#x323;mad ibn Ah&#x323;mad,</marc:subfield>
  <marc:subfield code="d">-1721.</marc:subfield>
  <marc:subfield code="t">Ma&#x2BB;u&#x304;nat al-ah&#x323;ba&#x304;b &#x2BB;ala&#x301; fath&#x323; Ajnih&#x323;at al-righa&#x304;b fi&#x304; ma&#x2BB;rifat al-fara&#x304;&#x2BC;id&#x323; wa-al-h&#x323;isa&#x304;b.</marc:subfield>
</marc:datafield>
    <marc:datafield ind1="1" ind2="2" tag="700">
  <marc:subfield code="6">880-05</marc:subfield>
  <marc:subfield code="a">Akhd&#x323;ari&#x304;, &#x2BB;Abd al-Rah&#x323;ma&#x304;n ibn Muh&#x323;ammad,</marc:subfield>
  <marc:subfield code="d">1512 or 1513-1575 or 1576.</marc:subfield>
  <marc:subfield code="t">Sullam.</marc:subfield>
</marc:datafield>
    <marc:datafield ind1="1" ind2="2" tag="700">
  <marc:subfield code="6">880-06</marc:subfield>
  <marc:subfield code="a">Qalas&#x323;a&#x304;di&#x304;, &#x2BB;Ali&#x304; ibn Muh&#x323;ammad,</marc:subfield>
  <marc:subfield code="d">1412 or 1413-1486 or 1487.</marc:subfield>
  <marc:subfield code="t">Kashf al-asra&#x304;r &#x2BB;an &#x2BB;ilm h&#x323;uru&#x304;f al-ghuba&#x304;r.</marc:subfield>
</marc:datafield>
    <marc:datafield ind1="1" ind2=" " tag="700">
  <marc:subfield code="6">880-07</marc:subfield>
  <marc:subfield code="a">Bu&#x2BB;aya&#x304;di&#x304;, Muba&#x304;rak ibn &#x2BB;Abd al-&#x2BB;A&#x304;li&#x304;,</marc:subfield>
  <marc:subfield code="d">active 1769,</marc:subfield>
  <marc:subfield code="e">scribe.</marc:subfield>
</marc:datafield>
    <marc:datafield ind1="0" ind2=" " tag="700">
  <marc:subfield code="6">880-08</marc:subfield>
  <marc:subfield code="a">Muh&#x323;ammad ibn Abi&#x304; &#x2BB;Izz al-Sijilma&#x304;si&#x304;,</marc:subfield>
  <marc:subfield code="d">active 1766,</marc:subfield>
  <marc:subfield code="e">scribe.</marc:subfield>
</marc:datafield>
    <marc:datafield ind1="1" ind2=" " tag="700">
  <marc:subfield code="a">Williams, Talcott,</marc:subfield>
  <marc:subfield code="d">1849-1928,</marc:subfield>
  <marc:subfield code="e">former owner.</marc:subfield>
</marc:datafield>
    <marc:datafield ind1=" " ind2=" " tag="852">
  <marc:subfield code="b">University of Pennsylvania Museum of Archaeology and Anthropology</marc:subfield>
  <marc:subfield code="a">University of Pennsylvania</marc:subfield>
  <marc:subfield code="j">Penn Museum 29-201-707</marc:subfield>
</marc:datafield>
    <marc:datafield ind1="4" ind2="1" tag="856">
  <marc:subfield code="z">Digital facsimile in OPenn</marc:subfield>
  <marc:subfield code="u">http://openn.library.upenn.edu/Data/0016/html/29_201_707.html</marc:subfield>
</marc:datafield>
    <marc:datafield ind1="1" ind2=" " tag="880">
  <marc:subfield code="6">100-01//r</marc:subfield>
  <marc:subfield code="a">&#x631;&#x633;&#x645;&#x648;&#x643;&#x64A;&#x60C; &#x627;&#x62D;&#x645;&#x62F; &#x628;&#x646; &#x627;&#x62D;&#x645;&#x62F;&#x60C;</marc:subfield>
  <marc:subfield code="d">-1721.</marc:subfield>
</marc:datafield>
    <marc:datafield ind1="1" ind2="0" tag="880">
  <marc:subfield code="6">245-02//r</marc:subfield>
  <marc:subfield code="a">&#x627;&#x64A;&#x636;&#x627;&#x62D; &#x627;&#x644;&#x627;&#x633;&#x631;&#x627;&#x631; &#x627;&#x644;&#x645;&#x635;&#x648;&#x646;&#x629; &#x641;&#x64A; &#x627;&#x644;&#x62C;&#x648;&#x627;&#x647;&#x631; &#x627;&#x644;&#x645;&#x643;&#x646;&#x648;&#x646;&#x629; &#x641;&#x64A; &#x635;&#x62F;&#x641; &#x627;&#x644;&#x641;&#x631;&#x627;&#x626;&#x636; &#x627;&#x644;&#x645;&#x633;&#x646;&#x648;&#x646;&#x629;</marc:subfield>
  <marc:subfield code="h">[electronic resource].</marc:subfield>
</marc:datafield>
    <marc:datafield ind1="1" ind2="4" tag="880">
  <marc:subfield code="6">600-03//r</marc:subfield>
  <marc:subfield code="a">&#x633;&#x645;&#x644;&#x627;&#x644;&#x64A;&#x60C; &#x627;&#x628;&#x631;&#x627;&#x647;&#x64A;&#x645; &#x628;&#x646; &#x627;&#x628;&#x64A; &#x627;&#x644;&#x642;&#x627;&#x633;&#x645;&#x60C;</marc:subfield>
  <marc:subfield code="d">-1520&#x60C;</marc:subfield>
  <marc:subfield code="t">&#x627;&#x62C;&#x646;&#x62D;&#x629; &#x627;&#x644;&#x631;&#x63A;&#x627;&#x628; &#x641;&#x64A; &#x645;&#x639;&#x631;&#x641;&#x629; &#x627;&#x644;&#x641;&#x631;&#x627;&#x626;&#x636; &#x648;&#x627;&#x644;&#x62D;&#x633;&#x627;&#x628;.</marc:subfield>
</marc:datafield>
    <marc:datafield ind1="1" ind2="2" tag="880">
  <marc:subfield code="6">700-04//r</marc:subfield>
  <marc:subfield code="a">&#x631;&#x633;&#x645;&#x648;&#x643;&#x64A;&#x60C; &#x627;&#x62D;&#x645;&#x62F; &#x628;&#x646; &#x627;&#x62D;&#x645;&#x62F;&#x60C;</marc:subfield>
  <marc:subfield code="d">-1721</marc:subfield>
  <marc:subfield code="t">&#x645;&#x639;&#x648;&#x646;&#x629; &#x627;&#x644;&#x627;&#x62D;&#x628;&#x627;&#x628; &#x639;&#x644;&#x649; &#x641;&#x62A;&#x62D; &#x627;&#x62C;&#x646;&#x62D;&#x629; &#x627;&#x644;&#x631;&#x63A;&#x627;&#x628; &#x641;&#x64A; &#x645;&#x639;&#x631;&#x641;&#x629; &#x627;&#x644;&#x641;&#x631;&#x627;&#x626;&#x636; &#x648;&#x627;&#x644;&#x62D;&#x633;&#x627;&#x628;.</marc:subfield>
</marc:datafield>
    <marc:datafield ind1="1" ind2="2" tag="880">
  <marc:subfield code="6">700-05//r</marc:subfield>
  <marc:subfield code="a">&#x627;&#x62E;&#x636;&#x631;&#x64A;&#x60C; &#x639;&#x628;&#x62F; &#x627;&#x644;&#x631;&#x62D;&#x645;&#x646; &#x628;&#x646; &#x645;&#x62D;&#x645;&#x62F;&#x60C;</marc:subfield>
  <marc:subfield code="d">1512 &#x623;&#x648; 1513-1575 &#x623;&#x648; 1576.</marc:subfield>
  <marc:subfield code="t">&#x633;&#x644;&#x645;.</marc:subfield>
</marc:datafield>
    <marc:datafield ind1="1" ind2="2" tag="880">
  <marc:subfield code="6">700-06//r</marc:subfield>
  <marc:subfield code="a">&#x642;&#x644;&#x635;&#x627;&#x62F;&#x64A;&#x60C; &#x639;&#x644;&#x64A; &#x628;&#x646; &#x645;&#x62D;&#x645;&#x62F;&#x60C;</marc:subfield>
  <marc:subfield code="d">1412 &#x623;&#x648; 1413-1486 &#x623;&#x648; 1487.</marc:subfield>
  <marc:subfield code="t">&#x643;&#x634;&#x641; &#x627;&#x644;&#x627;&#x633;&#x631;&#x627;&#x631; &#x639;&#x646; &#x639;&#x644;&#x645; &#x62D;&#x631;&#x648;&#x641; &#x627;&#x644;&#x63A;&#x628;&#x627;&#x631;.</marc:subfield>
</marc:datafield>
    <marc:datafield ind1="1" ind2=" " tag="880">
  <marc:subfield code="6">700-07//r</marc:subfield>
  <marc:subfield code="a">&#x628;&#x639;&#x64A;&#x627;&#x62F;&#x64A;&#x60C; &#x645;&#x628;&#x627;&#x631;&#x643; &#x628;&#x646; &#x639;&#x628;&#x62F; &#x627;&#x644;&#x639;&#x627;&#x644;&#x64A;&#x60C;</marc:subfield>
  <marc:subfield code="d">active 1769&#x60C;</marc:subfield>
  <marc:subfield code="e">scribe.</marc:subfield>
</marc:datafield>
    <marc:datafield ind1="0" ind2=" " tag="880">
  <marc:subfield code="6">700-08//r</marc:subfield>
  <marc:subfield code="a">&#x645;&#x62D;&#x645;&#x62F; &#x628;&#x646; &#x627;&#x628;&#x64A; &#x639;&#x632; &#x627;&#x644;&#x633;&#x62C;&#x644;&#x645;&#x627;&#x633;&#x64A;&#x60C;</marc:subfield>
  <marc:subfield code="d">active 1766&#x60C;</marc:subfield>
  <marc:subfield code="e">scribe.</marc:subfield>
</marc:datafield>
    <marc:datafield ind1=" " ind2=" " tag="948">
  <marc:subfield code="h">HELD BY PAU - 0 OTHER HOLDINGS</marc:subfield>
</marc:datafield>
    <marc:datafield ind1=" " ind2=" " tag="994">
  <marc:subfield code="a">Z0</marc:subfield>
  <marc:subfield code="b">PAU</marc:subfield>
</marc:datafield>
    <marc:datafield ind1=" " ind2=" " tag="996">
  <marc:subfield code="a">hinge-right</marc:subfield>
</marc:datafield>
    <marc:holdings>
      <marc:holding>
        <marc:holding_id>22597269460003681</marc:holding_id>
        <marc:call_number>Penn Museum 29-201-707</marc:call_number>
        <marc:library>KislakCntr</marc:library>
        <marc:location>scmsw</marc:location>
      </marc:holding>
    </marc:holdings>
  </marc:record>
</marc:records>
